<record><leader>01351cam a2200373   4500</leader><controlfield tag="001">000002176</controlfield><controlfield tag="003">MiAaHDL</controlfield><controlfield tag="005">20180523000000.0</controlfield><controlfield tag="006">m        d        </controlfield><controlfield tag="007">cr bn ---auaua</controlfield><controlfield tag="008">710526s1970    dcuabc   bs  f000 0 eng  </controlfield><datafield tag="010" ind1=" " ind2=" "><subfield code="a">   77609991</subfield></datafield><datafield tag="035" ind1=" " ind2=" "><subfield code="a">sdr-pst.a7285799</subfield></datafield><datafield tag="035" ind1=" " ind2=" "><subfield code="a">(OCoLC)146592</subfield></datafield><datafield tag="040" ind1=" " ind2=" "><subfield code="a">DLC</subfield><subfield code="c">DLC</subfield><subfield code="d">CWR</subfield><subfield code="d">OCL</subfield><subfield code="d">UtOrBLW</subfield></datafield><datafield tag="043" ind1=" " ind2=" "><subfield code="a">a-ko---</subfield><subfield code="a">n-us---</subfield></datafield><datafield tag="050" ind1="0" ind2="4"><subfield code="a">HC467.5</subfield><subfield code="b">.K7</subfield></datafield><datafield tag="082" ind1="0" ind2=" "><subfield code="a">330.9519/043</subfield></datafield><datafield tag="086" ind1="0" ind2=" "><subfield code="a">C 42.31/2:K 84</subfield></datafield><datafield tag="100" ind1="1" ind2=" "><subfield code="a">Kraczkiewicz, T. Mark.</subfield></datafield><datafield tag="245" ind1="1" ind2="0"><subfield code="a">Republic of Korea /</subfield><subfield code="c">[by T. Mark Kraczkiewicz].</subfield></datafield><datafield tag="264" ind1=" " ind2="2"><subfield code="a">Washington :</subfield><subfield code="b">For sale by the Supt. of Docs., U.S. Govt. Print. Off.</subfield></datafield><datafield tag="264" ind1=" " ind2="1"><subfield code="a">Washington :</subfield><subfield code="b">U.S. Bureau of International Commerce,</subfield><subfield code="c">1969 [i.e. 1970]</subfield></datafield><datafield tag="300" ind1=" " ind2=" "><subfield code="a">vii, 84 pages :</subfield><subfield code="b">illustrations, map, portraits ;</subfield><subfield code="c">26 cm.</subfield></datafield><datafield tag="336" ind1=" " ind2=" "><subfield code="a">text</subfield><subfield code="b">txt</subfield><subfield code="2">rdacontent</subfield></datafield><datafield tag="337" ind1=" " ind2=" "><subfield code="a">unmediated</subfield><subfield code="b">n</subfield><subfield code="2">rdamedia</subfield></datafield><datafield tag="338" ind1=" " ind2=" "><subfield code="a">volume</subfield><subfield code="b">nc</subfield><subfield code="2">rdacarrier</subfield></datafield><datafield tag="490" ind1="0" ind2=" "><subfield code="a">Country market survey</subfield></datafield><datafield tag="490" ind1="0" ind2=" "><subfield code="a">International marketing information service</subfield></datafield><datafield tag="500" ind1=" " ind2=" "><subfield code="a">"A United States Department of Commerce publication."</subfield></datafield><datafield tag="504" ind1=" " ind2=" "><subfield code="a">Bibliography: page 84.</subfield></datafield><datafield tag="538" ind1=" " ind2=" "><subfield code="a">Mode of access: Internet.</subfield></datafield><datafield tag="651" ind1=" " ind2="0"><subfield code="a">Korea (South)</subfield><subfield code="x">Commerce</subfield><subfield code="z">United States.</subfield></datafield><datafield tag="651" ind1=" " ind2="0"><subfield code="a">United States</subfield><subfield code="x">Commerce</subfield><subfield code="z">Korea (South)</subfield></datafield><datafield tag="651" ind1=" " ind2="0"><subfield code="a">Korea (South)</subfield><subfield code="x">Economic conditions.</subfield></datafield><datafield tag="CID" ind1=" " ind2=" "><subfield code="a">000002176</subfield></datafield><datafield tag="DAT" ind1="0" ind2=" "><subfield code="a">20151215100705.0</subfield><subfield code="b">20180523000000.0</subfield></datafield><datafield tag="DAT" ind1="1" ind2=" "><subfield code="a">20180523091354.0</subfield><subfield code="b">2022-04-13T17:44:02Z</subfield></datafield><datafield tag="CAT" ind1=" " ind2=" "><subfield code="a">SDR-PST</subfield><subfield code="d">UNKNOWN</subfield><subfield code="l">prepare.pl-004-007</subfield></datafield><datafield tag="FMT" ind1=" " ind2=" "><subfield code="a">BK</subfield></datafield><datafield tag="HOL" ind1=" " ind2=" "><subfield code="0">sdr-pst.a7285799</subfield><subfield code="a">pst</subfield><subfield code="b">SDR</subfield><subfield code="c">PST</subfield><subfield code="p">pst.000071289526</subfield><subfield code="s">PST</subfield><subfield code="1">a7285799</subfield></datafield><datafield tag="974" ind1=" " ind2=" "><subfield code="b">PST</subfield><subfield code="c">PST</subfield><subfield code="d">20220413</subfield><subfield code="s">google</subfield><subfield code="u">pst.000071289526</subfield><subfield code="y">1970</subfield><subfield code="r">pd</subfield><subfield code="q">bib</subfield><subfield code="t">US fed doc</subfield></datafield><datafield tag="974" ind1=" " ind2=" "><subfield code="8">ia.republicofkoreab00krac</subfield><subfield code="b">PST</subfield><subfield code="c">IPST</subfield><subfield code="d">20171218</subfield><subfield code="s">ia</subfield><subfield code="u">psia.ark:/13960/t6m056k5f</subfield><subfield code="y">1970</subfield><subfield code="r">pd</subfield><subfield code="q">bib</subfield><subfield code="t">US fed doc</subfield></datafield></record>